<?xml version="1.0" encoding="UTF-8"?><collection xmlns="http://www.loc.gov/MARC21/slim"><record><leader>00637nam--2200217-u-4500</leader><controlfield tag="001">000053462</controlfield><controlfield tag="002">20161230</controlfield><controlfield tag="005">20161230201051</controlfield><controlfield tag="008">110406s1000------------r-----000-0-eng-d</controlfield><datafield ind1=" " ind2=" " tag="020"><subfield code="a">0471249351</subfield></datafield><datafield ind1=" " ind2=" " tag="040"><subfield code="a">IFIN-HH</subfield></datafield><datafield ind1=" " ind2=" " tag="080"><subfield code="a">543.46</subfield></datafield><datafield ind1="1" ind2=" " tag="100"><subfield code="a">Ghiglia, Dennis C</subfield></datafield><datafield ind1="1" ind2="0" tag="245"><subfield code="a">Two-dimensional phase unwrapping: theory, algorithms, and software</subfield><subfield code="c">Dennis c. ghiglia; mark d. pritt</subfield></datafield><datafield ind1=" " ind2=" " tag="260"><subfield code="a">New York</subfield><subfield code="b">John Wiley &amp; Sons, Inc</subfield><subfield code="c">1998</subfield></datafield><datafield ind1=" " ind2=" " tag="300"><subfield code="a">493P</subfield></datafield><datafield ind1=" " ind2=" " tag="490"><subfield code="a">A Wiley-interscience Publication</subfield></datafield><datafield ind1=" " ind2="4" tag="650"><subfield code="a">Holographic Interferometry</subfield></datafield><datafield ind1="1" ind2=" " tag="700"><subfield code="a">Pritt, Mark D</subfield></datafield><datafield ind1=" " ind2=" " tag="852"><subfield code="a">81403</subfield><subfield code="c">543</subfield></datafield><datafield ind1=" " ind2=" " tag="CAT"><subfield code="a">Sys</subfield><subfield code="c">20110406</subfield><subfield code="h">111810</subfield></datafield></record></collection>